<?xml version="1.0" encoding="UTF-8"?><record xmlns="http://www.loc.gov/MARC21/slim" xmlns:cinclude="http://apache.org/cocoon/include/1.0" xmlns:zs="http://www.loc.gov/zing/srw/">
  <leader>00538nz  a2200181n  4500</leader>
  <controlfield tag="001">no2014155182</controlfield>
  <controlfield tag="003">DLC</controlfield>
  <controlfield tag="005">20141123122509.0</controlfield>
  <controlfield tag="008">141122n| azannaabn          |a aaa     c</controlfield>
  <datafield tag="010" ind1=" " ind2=" ">
    <subfield code="a">no2014155182</subfield>
  </datafield>
  <datafield tag="035" ind1=" " ind2=" ">
    <subfield code="a">(OCoLC)oca10022665</subfield>
  </datafield>
  <datafield tag="040" ind1=" " ind2=" ">
    <subfield code="a">ICrlF</subfield>
    <subfield code="b">eng</subfield>
    <subfield code="e">rda</subfield>
    <subfield code="c">ICrlF</subfield>
  </datafield>
  <datafield tag="046" ind1=" " ind2=" ">
    <subfield code="k">2011</subfield>
  </datafield>
  <datafield tag="100" ind1="1" ind2=" ">
    <subfield code="a">Burrows, Roger,</subfield>
    <subfield code="d">1945-</subfield>
    <subfield code="t">Images.</subfield>
    <subfield code="l">Spanish</subfield>
  </datafield>
  <datafield tag="377" ind1=" " ind2=" ">
    <subfield code="a">spa</subfield>
  </datafield>
  <datafield tag="381" ind1=" " ind2=" ">
    <subfield code="a">Zaid</subfield>
  </datafield>
  <datafield tag="400" ind1="1" ind2=" ">
    <subfield code="a">Burrows, Roger,</subfield>
    <subfield code="d">1945-</subfield>
    <subfield code="t">Ima휍혖genes</subfield>
  </datafield>
  <datafield tag="670" ind1=" " ind2=" ">
    <subfield code="a">Burrows, Roger. Ima휍혖genes, c2011 :</subfield>
    <subfield code="b">t.p. verso (original title, Images ; translated by Alvar Zaid)</subfield>
  </datafield>
</record>